@online{nostandarts,
  title = {Стандарт организации <<Общие требования к построению, изложе-
           нию и оформлению документов учебной деятельности>>},
  url   = {http://about.sfu-kras.ru/docs/8127/pdf/891603}
}